<record><leader>00000cas a2200000 a 4500</leader><controlfield tag="001">13555534</controlfield><controlfield tag="008">860512d18911894tnudr ne      0   a0eng  </controlfield><datafield ind1=" " ind2=" " tag="010"><subfield code="a">sn 86071482 </subfield></datafield><datafield ind1=" " ind2=" " tag="040"><subfield code="a">DLC</subfield><subfield code="b">eng</subfield><subfield code="c">DLC</subfield><subfield code="d">NSD</subfield><subfield code="d">DLC</subfield><subfield code="d">KNP</subfield><subfield code="d">TGN</subfield><subfield code="d">DLC</subfield><subfield code="d">OCLCQ</subfield><subfield code="d">DLC</subfield><subfield code="d">OCLCQ</subfield><subfield code="d">OCLCF</subfield><subfield code="d">DLC</subfield></datafield><datafield ind1="1" ind2=" " tag="022"><subfield code="a">2574-2698</subfield><subfield code="2">1</subfield></datafield><datafield ind1=" " ind2=" " tag="042"><subfield code="a">pcc</subfield><subfield code="a">nsdp</subfield></datafield><datafield ind1=" " ind2=" " tag="043"><subfield code="a">n-us-tn</subfield></datafield><datafield ind1="0" ind2="0" tag="050"><subfield code="a">Newspaper 9838</subfield></datafield><datafield ind1=" " ind2="4" tag="222"><subfield code="a">The Memphis commercial</subfield></datafield><datafield ind1="0" ind2="4" tag="245"><subfield code="a">The Memphis commercial.</subfield></datafield><datafield ind1=" " ind2=" " tag="260"><subfield code="a">Memphis, Tenn. :</subfield><subfield code="b">Commercial Pub. Co.,</subfield><subfield code="c">1891-1894.</subfield></datafield><datafield ind1=" " ind2=" " tag="300"><subfield code="a">v. :</subfield><subfield code="b">ill. ;</subfield><subfield code="c">54 cm.</subfield></datafield><datafield ind1=" " ind2=" " tag="310"><subfield code="a">Daily</subfield></datafield><datafield ind1="0" ind2=" " tag="362"><subfield code="a">Vol. 3, no. 115 (Apr. 4, 1891)-v. 9 (June 30, 1894).</subfield></datafield><datafield ind1=" " ind2=" " tag="515"><subfield code="a">Issue numbering ceases with: Vol. 3, no. 117 (Apr. 6, 1891).</subfield></datafield><datafield ind1=" " ind2=" " tag="580"><subfield code="a">Merged with: Memphis appeal-avalanche, to form: Commercial appeal.</subfield></datafield><datafield ind1=" " ind2="0" tag="651"><subfield code="a">Memphis (Tenn.)</subfield><subfield code="v">Newspapers.</subfield></datafield><datafield ind1=" " ind2="0" tag="651"><subfield code="a">Shelby County (Tenn.)</subfield><subfield code="v">Newspapers.</subfield></datafield><datafield ind1=" " ind2="7" tag="651"><subfield code="a">Tennessee</subfield><subfield code="z">Memphis.</subfield><subfield code="2">fast</subfield><subfield code="0">(OCoLC)fst01204194</subfield></datafield><datafield ind1=" " ind2="7" tag="651"><subfield code="a">Tennessee</subfield><subfield code="z">Shelby County.</subfield><subfield code="2">fast</subfield><subfield code="0">(OCoLC)fst01209894</subfield></datafield><datafield ind1=" " ind2="7" tag="655"><subfield code="a">Newspapers.</subfield><subfield code="2">fast</subfield><subfield code="0">(OCoLC)fst01423814</subfield></datafield><datafield ind1=" " ind2=" " tag="752"><subfield code="a">United States</subfield><subfield code="b">Tennessee</subfield><subfield code="c">Shelby</subfield><subfield code="d">Memphis.</subfield></datafield><datafield ind1="0" ind2=" " tag="775"><subfield code="t">Memphis weekly commercial</subfield><subfield code="w">(DLC)sn 88061118</subfield></datafield><datafield ind1="0" ind2="0" tag="780"><subfield code="t">Memphis daily commercial (Memphis, Tenn. : 1889)</subfield><subfield code="w">(DLC)sn 83045161</subfield></datafield><datafield ind1="1" ind2="7" tag="785"><subfield code="t">Memphis appeal-avalanche</subfield><subfield code="x">2574-268X</subfield><subfield code="w">(DLC)sn 86071412</subfield><subfield code="w">(OCoLC)13516304</subfield></datafield><datafield ind1="1" ind2="7" tag="785"><subfield code="t">Commercial appeal</subfield><subfield code="x">0745-4856</subfield><subfield code="w">(DLC)sn 83001763</subfield><subfield code="w">(OCoLC)9227552</subfield></datafield><datafield ind1="1" ind2=" " tag="029"><subfield code="a">AU@</subfield><subfield code="b">000023602613</subfield></datafield></record>